%! Author = felix
%! Date = 11.10.2024

@article{sample_reference,
  author  = {Author Name},
  title   = {Title of the Paper},
  journal = {Journal Name},
  year    = {2024},
}
